% Encoding: UTF-8

@Article{beierle17,
  author  = {Christoph Beierle and Christian Eichhorn and Steven Kutsch},
  title   = {A Practical Comparison of Qualitative Inferences with Preferred Ranking Models},
  journal = {KÃ¼nstliche Intelligenz},
  year    = {2017},
  volume  = {31},
  number  = {1},
}

@Article{beierle19,
  author  = {Christoph Beierle and Steven Kutsch},
  title   = {Systematic Generation of Conditional Knowledge Bases up to Renaming and Equivalence},
  journal = {???},
  year    = {2019},
}

@Book{spohn12,
  author = {Wolfgang Spohn},
  title  = {The Laws of Belief: Ranking Theory and Its Philosophical Applications.},
  year   = {2012},
}

@Conference{beierle2017b,
  author    = {Christoph Beierle and Christian Eichhorn and Gabriele Kern-Isberner},
  title     = {A Transformation System for Unique Minimal Normal Forms of Conditional Knowledge Bases},
  booktitle = {Symbolic and Quantitative Approaches to Reasoning with Uncertainty: 14th European Conference},
  year      = {2017},
}

@Comment{jabref-meta: databaseType:biblatex;}
